@article{toccaceli2022introduction,
  title={Introduction to conformal predictors},
  author={Toccaceli, Paolo},
  journal={Pattern Recognition},
  volume={124},
  pages={108507},
  year={2022},
  publisher={Elsevier}
}

@article{gammerman2007hedging,
  title={Hedging predictions in machine learning},
  author={Gammerman, Alexander and Vovk, Vladimir},
  journal={The Computer Journal},
  volume={50},
  number={2},
  pages={151--163},
  year={2007},
  publisher={OUP}
}
@article{toccaceli2019combination,
  title={Combination of inductive mondrian conformal predictors},
  author={Toccaceli, Paolo and Gammerman, Alexander},
  journal={Machine Learning},
  volume={108},
  pages={489--510},
  year={2019},
  publisher={Springer}
}

@article{chang2023pima,
  title={Pima Indians diabetes mellitus classification based on machine learning (ML) algorithms},
  author={Chang, Victor and Bailey, Jozeene and Xu, Qianwen Ariel and Sun, Zhili},
  journal={Neural Computing and Applications},
  volume={35},
  number={22},
  pages={16157--16173},
  year={2023},
  publisher={Springer}
}
@misc{Bouka2023,
  author       = {Mabrouka Salmi},
  title        = {Conformal Prediction for Imbalanced Data},
  year         = {2023},
  url          = {https://github.com/Bouka12/Conformal-Prediction-for-Imbalanced-data},
  note         = {GitHub repository},
}